@inproceedings{chen2025reasoning,
 author = {Yanda Chen and Joe Benton and Ansh Radhakrishnan and Jonathan Uesato and Carson Denison and John Schulman and Arushi Somani and Peter Hase and Misha Wagner and Fabien Roger and Vlad Mikulik and Samuel R. Bowman and Jan Leike and Jared Kaplan and Ethan Perez},
 booktitle = {Arxiv preprint arXiv:2505.05410},
 title = {Reasoning Models Don't Always Say What They Think},
 year = {2025}
}
